@InProceedings{KP13,
  author    = {Kuang, Da and Park, Haesun},
  title     = {Fast Rank-2 Nonnegative Matrix Factorization for Hierarchical Document Clustering},
  booktitle = {Proceedings of the 19th ACM SIGKDD International Conference on Knowledge Discovery and Data Mining},
  year      = {2013},
  series    = {KDD '13},
  pages     = {739--747},
  address   = {New York, NY, USA},
  publisher = {ACM},
  acmid     = {2487606},
  doi       = {10.1145/2487575.2487606},
  file      = {:KP13.pdf:PDF},
  isbn      = {978-1-4503-2174-7},
  location  = {Chicago, Illinois, USA},
  numpages  = {9},
}

@Article{GKP15,
  author  = {N. {Gillis} and D. {Kuang} and H. {Park}},
  title   = {Hierarchical Clustering of Hyperspectral Images Using Rank-Two Nonnegative Matrix Factorization},
  journal = {IEEE Transactions on Geoscience and Remote Sensing},
  year    = {2015},
  volume  = {53},
  number  = {4},
  pages   = {2066-2078},
  month   = {April},
  doi     = {10.1109/TGRS.2014.2352857},
  file    = {:GKP15.pdf:PDF},
  issn    = {1558-0644},
}
